@book{MR2850125,
    author     = {Farb, Benson and Margalit, Dan},
    title      = {A primer on mapping class groups},
    series     = {Princeton Mathematical Series},
    volume     = {49},
    publisher  = {Princeton University Press, Princeton, NJ},
    year       = {2012},
    pages      = {xiv+472},
    isbn       = {978-0-691-14794-9},
    mrclass    = {57M50 (20F36 20F65 57M07 57N05)},
    mrnumber   = {2850125},
    mrreviewer = {Stephen P. Humphries}
}
@book{MR2244106,
    author     = {Huybrechts, D.},
    title      = {Fourier-{M}ukai transforms in algebraic geometry},
    series     = {Oxford Mathematical Monographs},
    publisher  = {The Clarendon Press, Oxford University Press, Oxford},
    year       = {2006},
    pages      = {viii+307},
    isbn       = {978-0-19-929686-6; 0-19-929686-3},
    mrclass    = {14F05 (14-02 18E30)},
    mrnumber   = {2244106},
    mrreviewer = {Bal\'{a}zs Szendr\H{o}i},
    doi        = {10.1093/acprof:oso/9780199296866.001.0001},
    url        = {https://doi-org.utokyo.idm.oclc.org/10.1093/acprof:oso/9780199296866.001.0001}
}
@article{MR2198807,
    author     = {Ishii, Akira and Uehara, Hokuto},
    title      = {Autoequivalences of derived categories on the minimal
                  resolutions of {$A_n$}-singularities on surfaces},
    journal    = {J. Differential Geom.},
    fjournal   = {Journal of Differential Geometry},
    volume     = {71},
    year       = {2005},
    number     = {3},
    pages      = {385--435},
    issn       = {0022-040X},
    mrclass    = {14F05 (14B05 18E30)},
    mrnumber   = {2198807},
    mrreviewer = {Ana Cristina L\'{o}pez-Mart\'{\i}n},
    doi        = {10.4310/jdg/1143571989},
    url        = {https://doi.org/10.4310/jdg/1143571989}
}
}
@article{MR3182005,
    author     = {Sibilla, Nicol\`o},
    title      = {A note on mapping class group actions on derived categories},
    journal    = {Proc. Amer. Math. Soc.},
    fjournal   = {Proceedings of the American Mathematical Society},
    volume     = {142},
    year       = {2014},
    number     = {6},
    pages      = {1837--1848},
    issn       = {0002-9939},
    mrclass    = {14F05 (53D37)},
    mrnumber   = {3182005},
    mrreviewer = {Junwu Tu},
    doi        = {10.1090/S0002-9939-2014-11914-9},
    url        = {https://doi-org.utokyo.idm.oclc.org/10.1090/S0002-9939-2014-11914-9}
}
@article{MR3568337,
    author     = {Uehara, Hokuto},
    title      = {Autoequivalences of derived categories of elliptic surfaces
                  with non-zero {K}odaira dimension},
    journal    = {Algebr. Geom.},
    fjournal   = {Algebraic Geometry},
    volume     = {3},
    year       = {2016},
    number     = {5},
    pages      = {543--577},
    issn       = {2313-1691},
    mrclass    = {14F05 (14J27 18E30)},
    mrnumber   = {3568337},
    mrreviewer = {Sofia Tirabassi},
    doi        = {10.14231/AG-2016-025},
    url        = {https://doi-org.utokyo.idm.oclc.org/10.14231/AG-2016-025}
}

@article{MR3713877,
    author     = {Bridgeland, Tom and Maciocia, Antony},
    title      = {Fourier-{M}ukai transforms for quotient varieties},
    journal    = {J. Geom. Phys.},
    fjournal   = {Journal of Geometry and Physics},
    volume     = {122},
    year       = {2017},
    pages      = {119--127},
    issn       = {0393-0440},
    mrclass    = {14F05 (14E20 14L30 18E30)},
    mrnumber   = {3713877},
    mrreviewer = {Scott R. Nollet},
    doi        = {10.1016/j.geomphys.2017.07.007},
    url        = {https://doi-org.utokyo.idm.oclc.org/10.1016/j.geomphys.2017.07.007}
}

@article{MR1651025,
    author     = {Bridgeland, Tom},
    title      = {Equivalences of triangulated categories and {F}ourier-{M}ukai
                  transforms},
    journal    = {Bull. London Math. Soc.},
    fjournal   = {The Bulletin of the London Mathematical Society},
    volume     = {31},
    year       = {1999},
    number     = {1},
    pages      = {25--34},
    issn       = {0024-6093},
    mrclass    = {18E30 (14J28)},
    mrnumber   = {1651025},
    mrreviewer = {Daniel Hern\'{a}ndez Ruip\'{e}rez},
    doi        = {10.1112/S0024609398004998},
    url        = {https://doi-org.utokyo.idm.oclc.org/10.1112/S0024609398004998}
}
@misc{stacks-project,
    author       = {The {Stacks project authors}},
    title        = {The Stacks project},
    howpublished = {\url{https://stacks.math.columbia.edu}},
    year         = {2023}
}
@book{MR0222093,
    author     = {Hartshorne, Robin},
    title      = {Residues and duality},
    series     = {Lecture Notes in Mathematics, No. 20},
    note       = {Lecture notes of a seminar on the work of A. Grothendieck,
                  given at Harvard 1963/64,
                  With an appendix by P. Deligne},
    publisher  = {Springer-Verlag, Berlin-New York},
    year       = {1966},
    pages      = {vii+423},
    mrclass    = {14.55},
    mrnumber   = {0222093},
    mrreviewer = {R. L. Knighten}
}
@article{MR2505443,
    author     = {Hern\'{a}ndez Ruip\'{e}rez, Daniel and L\'{o}pez Mart\'{\i}n, Ana Cristina and
                  Sancho de Salas, Fernando},
    title      = {Relative integral functors for singular fibrations and
                  singular partners},
    journal    = {J. Eur. Math. Soc. (JEMS)},
    fjournal   = {Journal of the European Mathematical Society (JEMS)},
    volume     = {11},
    year       = {2009},
    number     = {3},
    pages      = {597--625},
    issn       = {1435-9855},
    mrclass    = {14F05 (14E30 14M05 18E30)},
    mrnumber   = {2505443},
    mrreviewer = {Annette Huber},
    doi        = {10.4171/JEMS/162},
    url        = {https://doi-org.utokyo.idm.oclc.org/10.4171/JEMS/162}
}
@article{MR2593258,
    author     = {Baranovsky, Vladimir and Pecharich, Jeremy},
    title      = {On equivalences of derived and singular categories},
    journal    = {Cent. Eur. J. Math.},
    fjournal   = {Central European Journal of Mathematics},
    volume     = {8},
    year       = {2010},
    number     = {1},
    pages      = {1--14},
    issn       = {1895-1074},
    mrclass    = {14F05 (14B05 14D23)},
    mrnumber   = {2593258},
    mrreviewer = {Andrei D. Halanay},
    doi        = {10.2478/s11533-009-0063-y},
    url        = {https://doi-org.utokyo.idm.oclc.org/10.2478/s11533-009-0063-y}
}
@article{MR2200048,
    author     = {Huybrechts, Daniel and Thomas, Richard},
    title      = {{$\mathbb P$}-objects and autoequivalences of derived categories},
    journal    = {Math. Res. Lett.},
    fjournal   = {Mathematical Research Letters},
    volume     = {13},
    year       = {2006},
    number     = {1},
    pages      = {87--98},
    issn       = {1073-2780},
    mrclass    = {14F05 (18E30)},
    mrnumber   = {2200048},
    mrreviewer = {Bal\'{a}zs Szendr\H{o}i},
    doi        = {10.4310/MRL.2006.v13.n1.a7},
    url        = {https://doi-org.utokyo.idm.oclc.org/10.4310/MRL.2006.v13.n1.a7}
}
@article{MR1818984,
    author     = {Bondal, Alexei and Orlov, Dmitri},
    title      = {Reconstruction of a variety from the derived category and
                  groups of autoequivalences},
    journal    = {Compositio Math.},
    fjournal   = {Compositio Mathematica},
    volume     = {125},
    year       = {2001},
    number     = {3},
    pages      = {327--344},
    issn       = {0010-437X},
    mrclass    = {18E30 (14F05)},
    mrnumber   = {1818984},
    mrreviewer = {Richard P. Thomas},
    doi        = {10.1023/A:1002470302976},
    url        = {https://doi-org.utokyo.idm.oclc.org/10.1023/A:1002470302976}
}
@article{MR1921811,
    author     = {Orlov, D. O.},
    title      = {Derived categories of coherent sheaves on abelian varieties
                  and equivalences between them},
    journal    = {Izv. Ross. Akad. Nauk Ser. Mat.},
    fjournal   = {Izvestiya Rossiiskoi Akademii Nauk. Seriya Matematicheskaya},
    volume     = {66},
    year       = {2002},
    number     = {3},
    pages      = {131--158},
    issn       = {1607-0046},
    mrclass    = {14F05 (14K10 18E30)},
    mrnumber   = {1921811},
    mrreviewer = {Alexander E. Polishchuk},
    doi        = {10.1070/IM2002v066n03ABEH000389},
    url        = {https://doi-org.utokyo.idm.oclc.org/10.1070/IM2002v066n03ABEH000389}
}
@article{MR1831820,
    author     = {Seidel, Paul and Thomas, Richard},
    title      = {Braid group actions on derived categories of coherent sheaves},
    journal    = {Duke Math. J.},
    fjournal   = {Duke Mathematical Journal},
    volume     = {108},
    year       = {2001},
    number     = {1},
    pages      = {37--108},
    issn       = {0012-7094},
    mrclass    = {14F05 (14J32 18E30 20F36 53D40)},
    mrnumber   = {1831820},
    mrreviewer = {Mikhail G. Khovanov},
    doi        = {10.1215/S0012-7094-01-10812-0},
    url        = {https://doi-org.utokyo.idm.oclc.org/10.1215/S0012-7094-01-10812-0}
}
@article{MR3162236,
    author     = {Broomhead, Nathan and Ploog, David},
    title      = {Autoequivalences of toric surfaces},
    journal    = {Proc. Amer. Math. Soc.},
    fjournal   = {Proceedings of the American Mathematical Society},
    volume     = {142},
    year       = {2014},
    number     = {4},
    pages      = {1133--1146},
    issn       = {0002-9939},
    mrclass    = {14F05 (14J26 14M25)},
    mrnumber   = {3162236},
    mrreviewer = {Kelly Jabbusch},
    doi        = {10.1090/S0002-9939-2014-11530-9},
    url        = {https://doi-org.utokyo.idm.oclc.org/10.1090/S0002-9939-2014-11530-9}
}
@article{MR3592689,
    author     = {Bayer, Arend and Bridgeland, Tom},
    title      = {Derived automorphism groups of {K}3 surfaces of {P}icard rank
                  1},
    journal    = {Duke Math. J.},
    fjournal   = {Duke Mathematical Journal},
    volume     = {166},
    year       = {2017},
    number     = {1},
    pages      = {75--124},
    issn       = {0012-7094},
    mrclass    = {14F05 (14J28 14J33 18E30)},
    mrnumber   = {3592689},
    mrreviewer = {Richard P. Thomas},
    doi        = {10.1215/00127094-3674332},
    url        = {https://doi-org.utokyo.idm.oclc.org/10.1215/00127094-3674332}
}
@article{MR2553878,
    author     = {Huybrechts, Daniel and Macr\`\i , Emanuele and Stellari, Paolo},
    title      = {Derived equivalences of {$K3$} surfaces and orientation},
    journal    = {Duke Math. J.},
    fjournal   = {Duke Mathematical Journal},
    volume     = {149},
    year       = {2009},
    number     = {3},
    pages      = {461--507},
    issn       = {0012-7094},
    mrclass    = {14J28 (14F05 18E30)},
    mrnumber   = {2553878},
    mrreviewer = {Justin Sawon},
    doi        = {10.1215/00127094-2009-043},
    url        = {https://doi-org.utokyo.idm.oclc.org/10.1215/00127094-2009-043}
}
@article{MR2264663,
    author     = {Burban, Igor and Kreu{\ss}ler, Bernd},
    title      = {Derived categories of irreducible projective curves of
                  arithmetic genus one},
    journal    = {Compos. Math.},
    fjournal   = {Compositio Mathematica},
    volume     = {142},
    year       = {2006},
    number     = {5},
    pages      = {1231--1262},
    issn       = {0010-437X},
    mrclass    = {18E30 (14H52)},
    mrnumber   = {2264663},
    mrreviewer = {Paolo Stellari},
    doi        = {10.1112/S0010437X06002090},
    url        = {https://doi-org.utokyo.idm.oclc.org/10.1112/S0010437X06002090}
}
@article{MR2629510,
    author     = {Ishii, Akira and Ueda, Kazushi and Uehara, Hokuto},
    title      = {Stability conditions on {$A_n$}-singularities},
    journal    = {J. Differential Geom.},
    fjournal   = {Journal of Differential Geometry},
    volume     = {84},
    year       = {2010},
    number     = {1},
    pages      = {87--126},
    issn       = {0022-040X},
    mrclass    = {14F05 (14B05 18E30)},
    mrnumber   = {2629510},
    mrreviewer = {Daniele Faenzi},
    doi        = {10.4310/jdg/1271271794},
    url        = {https://doi.org/10.4310/jdg/1271271794}
}

@article{MR607081,
    author     = {Mukai, Shigeru},
    title      = {Duality between {$D(X)$} and {$D(\hat X)$} with its
                  application to {P}icard sheaves},
    journal    = {Nagoya Math. J.},
    fjournal   = {Nagoya Mathematical Journal},
    volume     = {81},
    year       = {1981},
    pages      = {153--175},
    issn       = {0027-7630},
    mrclass    = {14K05 (14H40)},
    mrnumber   = {607081},
    mrreviewer = {Allen B. Altman},
    doi        = {10.1017/S002776300001922X}
}
@incollection{MR1465519,
    author     = {Orlov, D. O.},
    title      = {Equivalences of derived categories and {$K3$} surfaces},
    note       = {Algebraic geometry, 7},
    journal    = {J. Math. Sci. (New York)},
    fjournal   = {Journal of Mathematical Sciences (New York)},
    volume     = {84},
    year       = {1997},
    number     = {5},
    pages      = {1361--1381},
    issn       = {1072-3374},
    mrclass    = {14J28 (14F05 18E30)},
    mrnumber   = {1465519},
    mrreviewer = {Jong Hae Keum},
    doi        = {10.1007/BF02399195},
    url        = {https://doi-org.utokyo.idm.oclc.org/10.1007/BF02399195}
}

@article{MR2155085,
    author     = {Burban, Igor and Kreu{\ss}ler, Bernd},
    title      = {Fourier-{M}ukai transforms and semi-stable sheaves on nodal
                  {W}eierstra{\ss}  cubics},
    journal    = {J. Reine Angew. Math.},
    fjournal   = {Journal f\"{u}r die Reine und Angewandte Mathematik. [Crelle's
                  Journal]},
    volume     = {584},
    year       = {2005},
    pages      = {45--82},
    issn       = {0075-4102},
    mrclass    = {14F05 (14H45 18E30)},
    mrnumber   = {2155085},
    mrreviewer = {Jean-Marc Dr\'{e}zet},
    doi        = {10.1515/crll.2005.2005.584.45},
    url        = {https://doi-org.utokyo.idm.oclc.org/10.1515/crll.2005.2005.584.45}
}
@article{MR3735868,
    author     = {Haiden, F. and Katzarkov, L. and Kontsevich, M.},
    title      = {Flat surfaces and stability structures},
    journal    = {Publ. Math. Inst. Hautes \'{E}tudes Sci.},
    fjournal   = {Publications Math\'{e}matiques. Institut de Hautes \'{E}tudes
                  Scientifiques},
    volume     = {126},
    year       = {2017},
    pages      = {247--318},
    issn       = {0073-8301},
    mrclass    = {14D23 (14F05 18E30 32Q26 53D37 81T30)},
    mrnumber   = {3735868},
    mrreviewer = {Mee Seong Im},
    doi        = {10.1007/s10240-017-0095-y},
    url        = {https://doi-org.utokyo.idm.oclc.org/10.1007/s10240-017-0095-y}
}
@article{MR3663596,
    author     = {Lekili, Yank{\i}  and Polishchuk, Alexander},
    title      = {Arithmetic mirror symmetry for genus 1 curves with {$n$}
                  marked points},
    journal    = {Selecta Math. (N.S.)},
    fjournal   = {Selecta Mathematica. New Series},
    volume     = {23},
    year       = {2017},
    number     = {3},
    pages      = {1851--1907},
    issn       = {1022-1824},
    mrclass    = {53D37 (11G05 14F05 14H10 14J33 16E45)},
    mrnumber   = {3663596},
    mrreviewer = {Remke Kloosterman},
    doi        = {10.1007/s00029-016-0286-2},
    url        = {https://doi-org.utokyo.idm.oclc.org/10.1007/s00029-016-0286-2}
}
@article{2018arXiv180109659O,
    author        = {{Opper}, Sebastian and {Plamondon}, Pierre-Guy and {Schroll}, Sibylle},
    title         = {{A geometric model for the derived category of gentle algebras}},
    journal       = {arXiv e-prints},
    keywords      = {Mathematics - Representation Theory, 18E30, 16G20, 05E10},
    year          = 2018,
    month         = jan,
    eid           = {arXiv:1801.09659},
    pages         = {arXiv:1801.09659},
    doi           = {10.48550/arXiv.1801.09659},
    archiveprefix = {arXiv},
    eprint        = {1801.09659},
    primaryclass  = {math.RT},
    adsurl        = {https://ui.adsabs.harvard.edu/abs/2018arXiv180109659O},
    adsnote       = {Provided by the SAO/NASA Astrophysics Data System}
}

@misc{opper2023spherical,
    title         = {Spherical objects, transitivity and auto-equivalences of Kodaira cycles via gentle algebras},
    author        = {Sebastian Opper},
    year          = {2023},
    eprint        = {2011.08288},
    archiveprefix = {arXiv},
    primaryclass  = {math.AG}
}


@article{MR1805936,
    author     = {Labru\`ere, Catherine and Paris, Luis},
    title      = {Presentations for the punctured mapping class groups in terms
                  of {A}rtin groups},
    journal    = {Algebr. Geom. Topol.},
    fjournal   = {Algebraic \& Geometric Topology},
    volume     = {1},
    year       = {2001},
    pages      = {73--114},
    issn       = {1472-2747},
    mrclass    = {57M05 (20F36 57M07 57M25 57N05)},
    mrnumber   = {1805936},
    mrreviewer = {Stephen P. Humphries},
    doi        = {10.2140/agt.2001.1.73},
    url        = {https://doi-org.utokyo.idm.oclc.org/10.2140/agt.2001.1.73}
}
@article{MR3830878,
    author     = {Lekili, Yank{\i}  and Polishchuk, Alexander},
    title      = {Auslander orders over nodal stacky curves and partially
                  wrapped {F}ukaya categories},
    journal    = {J. Topol.},
    fjournal   = {Journal of Topology},
    volume     = {11},
    year       = {2018},
    number     = {3},
    pages      = {615--644},
    issn       = {1753-8416},
    mrclass    = {14J33 (14F05 53D37)},
    mrnumber   = {3830878},
    mrreviewer = {Victor Przyjalkowski},
    doi        = {10.1112/topo.12064},
    url        = {https://doi-org.utokyo.idm.oclc.org/10.1112/topo.12064}
}
@book{MR0463157,
    author     = {Hartshorne, Robin},
    title      = {Algebraic geometry},
    series     = {Graduate Texts in Mathematics, No. 52},
    publisher  = {Springer-Verlag, New York-Heidelberg},
    year       = {1977},
    pages      = {xvi+496},
    isbn       = {0-387-90244-9},
    mrclass    = {14-01},
    mrnumber   = {0463157},
    mrreviewer = {Robert Speiser}
}
@inproceedings{Bridgeland2002FourierMukaiTF,
    title  = {Fourier-Mukai transforms for surfaces and moduli spaces of stable sheaves},
    author = {Tom Bridgeland},
    year   = {2002}
}
@article{MR2126495,
    author     = {Horja, R. Paul},
    title      = {Derived category automorphisms from mirror symmetry},
    journal    = {Duke Math. J.},
    fjournal   = {Duke Mathematical Journal},
    volume     = {127},
    year       = {2005},
    number     = {1},
    pages      = {1--34},
    issn       = {0012-7094},
    mrclass    = {14F05 (14J32 18E30)},
    mrnumber   = {2126495},
    mrreviewer = {Bal\'{a}zs Szendr\H{o}i},
    doi        = {10.1215/S0012-7094-04-12711-3},
    url        = {https://doi-org.utokyo.idm.oclc.org/10.1215/S0012-7094-04-12711-3}
}
@article{MR3692883,
    author     = {Anno, Rina and Logvinenko, Timothy},
    title      = {Spherical {DG}-functors},
    journal    = {J. Eur. Math. Soc. (JEMS)},
    fjournal   = {Journal of the European Mathematical Society (JEMS)},
    volume     = {19},
    year       = {2017},
    number     = {9},
    pages      = {2577--2656},
    issn       = {1435-9855},
    mrclass    = {18D20 (14F05 18E30)},
    mrnumber   = {3692883},
    mrreviewer = {Zhaoting Wei},
    doi        = {10.4171/JEMS/724},
    url        = {https://doi-org.utokyo.idm.oclc.org/10.4171/JEMS/724}
}	

@misc{karube2023stability,
    title         = {Stability conditions on degenerated elliptic curves},
    author        = {Tomohiro Karube},
    year          = {2023},
    eprint        = {2301.09453},
    archiveprefix = {arXiv},
    primaryclass  = {math.AG}
}

@article{MR3720794,
    author     = {Rizzardo, Alice},
    title      = {Adjoints to a {F}ourier-{M}ukai functor},
    journal    = {Adv. Math.},
    fjournal   = {Advances in Mathematics},
    volume     = {322},
    year       = {2017},
    pages      = {83--96},
    issn       = {0001-8708,1090-2082},
    mrclass    = {14F05 (14A22 18E30)},
    mrnumber   = {3720794},
    mrreviewer = {Scott\ R.\ Nollet},
    doi        = {10.1016/j.aim.2017.10.015},
    url        = {https://doi.org/10.1016/j.aim.2017.10.015}
}
@inproceedings{10.1007/BFb0066287,
    author    = {Illusie, L.},
    title     = {Conditions de Finitude Relatives},
    booktitle = {Th{\'e}orie des Intersections et Th{\'e}or{\`e}me de Riemann-Roch},
    year      = {1971},
    publisher = {Springer Berlin Heidelberg},
    address   = {Berlin, Heidelberg},
    pages     = {222--273},
    isbn      = {978-3-540-36936-3}
}


@article{MR4604981,
    author   = {Alonso Tarr\'{\i}o, Leovigildo and Jerem\'{\i}as L\'{o}pez,
                Ana and Sancho de Salas, Fernando},
    title    = {Relative perfect complexes},
    journal  = {Math. Z.},
    fjournal = {Mathematische Zeitschrift},
    volume   = {304},
    year     = {2023},
    number   = {3},
    pages    = {Paper No. 42, 25},
    issn     = {0025-5874,1432-1823},
    mrclass  = {14F08 (14C35)},
    mrnumber = {4604981},
    doi      = {10.1007/s00209-023-03294-7},
    url      = {https://doi.org/10.1007/s00209-023-03294-7}
}
@article{MR2238172,
    author     = {Kuznetsov, A. G.},
    title      = {Hyperplane sections and derived categories},
    journal    = {Izv. Ross. Akad. Nauk Ser. Mat.},
    fjournal   = {Izvestiya Rossiiskoi Akademii Nauk. Seriya Matematicheskaya},
    volume     = {70},
    year       = {2006},
    number     = {3},
    pages      = {23--128},
    issn       = {1607-0046,2587-5906},
    mrclass    = {14F05 (18E30)},
    mrnumber   = {2238172},
    mrreviewer = {Andrei\ D.\ Halanay},
    doi        = {10.1070/IM2006v070n03ABEH002318},
    url        = {https://doi.org/10.1070/IM2006v070n03ABEH002318}
}

@article{MR3861804,
    author     = {Canonaco, Alberto and Stellari, Paolo},
    title      = {Uniqueness of dg enhancements for the derived category of a
                  {G}rothendieck category},
    journal    = {J. Eur. Math. Soc. (JEMS)},
    fjournal   = {Journal of the European Mathematical Society (JEMS)},
    volume     = {20},
    year       = {2018},
    number     = {11},
    pages      = {2607--2641},
    issn       = {1435-9855,1435-9863},
    mrclass    = {14F05 (18E10 18E30)},
    mrnumber   = {3861804},
    mrreviewer = {Jon\ Eivind\ Vatne},
    doi        = {10.4171/JEMS/820},
    url        = {https://doi.org/10.4171/JEMS/820}
}


@article{MR3556457,
    author     = {Genovese, Francesco},
    title      = {The uniqueness problem of dg-lifts and {F}ourier-{M}ukai
                  kernels},
    journal    = {J. Lond. Math. Soc. (2)},
    fjournal   = {Journal of the London Mathematical Society. Second Series},
    volume     = {94},
    year       = {2016},
    number     = {2},
    pages      = {617--638},
    issn       = {0024-6107,1469-7750},
    mrclass    = {18E30 (14F05)},
    mrnumber   = {3556457},
    mrreviewer = {Cristian\ Martinez},
    doi        = {10.1112/jlms/jdw052},
    url        = {https://doi.org/10.1112/jlms/jdw052}
}
@book{MR1078016,
    author     = {Miranda, Rick},
    title      = {The basic theory of elliptic surfaces},
    series     = {Dottorato di Ricerca in Matematica. [Doctorate in Mathematical
                  Research]},
    publisher  = {ETS Editrice, Pisa},
    year       = {1989},
    pages      = {vi+108},
    mrclass    = {14J27},
    mrnumber   = {1078016},
    mrreviewer = {Ulf\ Persson}
}
@article{MR2430202,
    author     = {Toda, Yukinobu},
    title      = {On a certain generalization of spherical twists},
    journal    = {Bull. Soc. Math. France},
    fjournal   = {Bulletin de la Soci\'{e}t\'{e} Math\'{e}matique de France},
    volume     = {135},
    year       = {2007},
    number     = {1},
    pages      = {119--134},
    issn       = {0037-9484,2102-622X},
    mrclass    = {14F05 (18E30)},
    mrnumber   = {2430202},
    mrreviewer = {Adrian\ Langer},
    doi        = {10.24033/bsmf.2529},
    url        = {https://doi.org/10.24033/bsmf.2529}
}

@misc{lekili2023equivariant,
    title         = {Equivariant Fukaya categories at singular values},
    author        = {Yanki Lekili and Ed Segal},
    year          = {2023},
    eprint        = {2304.10969},
    archiveprefix = {arXiv},
    primaryclass  = {math.SG}
}
@article{Kulikov1977,
    author  = {{Kulikov}, Viktor S.},
    title   = {{Degenerations of K3 Surfaces and Enriques Surfaces}},
    journal = {Izvestiya: Mathematics},
    year    = 1977,
    volume  = {11},
    number  = {5},
    pages   = {957-989},
    doi     = {10.1070/IM1977v011n05ABEH001753},
    adsurl  = {https://ui.adsabs.harvard.edu/abs/1977IzMat..11..957K},
    adsnote = {Provided by the SAO/NASA Astrophysics Data System}
}

@article{Persson--Pinkham1981,
    author  = {Persson, Ulf and Pinkham, Henry},
    year    = {1981},
    number  = {1},
    pages   = {45--66},
    title   = {Degeneration of Surfaces with Trivial Canonical Bundle},
    volume  = {113},
    journal = {Annals of Mathematics},
    doi     = {10.2307/1971133}
}
